% This BibTeX bibliography file was created using BibDesk.
% http://bibdesk.sourceforge.net/
% Created for virinha at 2013-02-11 14:53:32 -0300 
% Saved with string encoding Unicode (UTF-8) 


% Referencia Livro
@book{Pressman:2007,
  Title     = {SOFTERRR Engineering: A Practitioner's Approach},
  Author    = {Roger Pressman},
  Year      = {2005},
  Isbn      = {0077227808, 9780077227807},
  Edition   = {6},
  Publisher = {McGraw-Hill, Inc.},
  Address   = {New York, NY, USA},
} 

@book{Fulano:2009,
  Title     = {Livro de Eng. Civil},
  Author    = {Fulano de tal},
  Year      = {2005},
  Isbn      = {0077227808, 9780077227807},
  Edition   = {6},
  Publisher = {McGraw-Hill, Inc.},
  Address   = {New York, NY, USA},
} 

% Referencia Artigo
@article{Ferris:2003,
  Title      = {What Are Web Services?},
  Author     = {Christopher Ferris and Joel Farrell},
  Journal    = {Commun. ACM},
  Volume     = {46},
  Number     = {6},
  Year       = {2003},
  Issn       = {0001-0782},
  Pages      = {31--},
  Acmid      = {777335},
  Publisher  = {ACM},
  Address    = {New York, NY, USA},
} 

% Referencia artigo de congresso/conferencia
@conference{Rosenfeld:1970,
  Author    = {A. Rosenfeld and E. B. Troy},
  Booktitle = {A Symposium on Feature Extraction and Selection in Pattern Recognition},
  Pages     = {115-124},
  Title     = {Visual texture analysis},
  Volume    = {1},
  Year      = {1970}
}

% Referencia em relatorio
@techreport{Diday:1989,
  Title       = {Introduction {\`a} l'analyse des donn{\'e}es symboliques.},
  Author      = {Edwin Diday},
  Institution = {Institut National de Recherche en Informatique et en Automatique, INRIA},
  Type        = {Research Report},
  Year        = {1989}
}

% Referencia Tese/PhD
@phdthesis{Domingues:2010,
  Title   = {M{\'e}todos Robustos de Regress{\~a}o Linear para Dados Simb{\'o}licos do Tipo Intervalo},
  Author  = {Marco Antonio de Oliveira Domingues},
  Address = {Recife},
  School  = {Universidade Federal de Pernambuco (UFPE)},
  Year    = {2010}
}

% Referencia Site/Web
@url{Visible:2013,
  author = {Ingo Lutkebohle},
  title  = {BWorld Robot Control Software},
  year   = {2008}, 
  note   = {http://www.nlm.nih.gov/research/visible/ - accessed 19-July-2008}
}










































@mastersthesis{Angelo:2000,
	Address = {Porto Alegre, RS},
	Author = {Neide Pizzolato Angelo},
	Date-Added = {2013-01-24 18:21:21 -0300},
	Date-Modified = {2013-01-24 18:22:54 -0300},
	Month = {janeiro},
	School = {Universidade Federal do Rio Grande do Sul},
	Title = {Aplica{\c c}{\~a}o de Filtros de Gabor no Processo de Classifica{\c c}{\~a}o de Imagens Digitais com Base em Atributos de Textura},
	Year = {2000}}


@article{Li:2003,
  Title   = {Texture classification using the support vector machines},
  Author  = {Shutao Li and James T. Kwok and Hailong Zhu and Yaonan Wang},
  Journal = {Pattern Recognition},
  Number  = {12},
  Pages   = {2883-2893},
  Volume  = {36},
  Year    = {2003}
}
